<record xmlns="http://www.loc.gov/MARC21/slim" xmlns:xsi="http://www.w3.org/2001/XMLSchema-instance" xsi:schemaLocation="http://www.loc.gov/MARC21/slim http://www.loc.gov/standards/marcxml/schema/MARC21slim.xsd"><leader>02484nam a2200433   4500</leader><controlfield tag="001">1742291</controlfield><controlfield tag="003">NIC</controlfield><controlfield tag="006">m        d        </controlfield><controlfield tag="007">cr cn |||m|||a</controlfield><controlfield tag="008">150113s1942    ua h    ob    001 0 ara d</controlfield><datafield ind1=" " ind2=" " tag="040"><subfield code="a">NNU</subfield><subfield code="b">eng</subfield><subfield code="e">rda</subfield><subfield code="c">NNU</subfield></datafield><datafield ind1="0" ind2="0" tag="050"><subfield code="a">PJ6670</subfield><subfield code="b">.J3 1942</subfield></datafield><datafield ind1="1" ind2=" " tag="100"><subfield code="6">880-01</subfield><subfield code="a">Jawa&#772;li&#772;qi&#772;, Mawhu&#772;b ibn Ah&#803;mad,</subfield><subfield code="d">1073 or 1074-1144.</subfield></datafield><datafield ind1="1" ind2="3" tag="245"><subfield code="6">880-02</subfield><subfield code="a">al-Mu&#699;arrab min al-kala&#772;m al-a&#699;jami&#772; &#699;ala&#769; h&#803;uru&#772;f al-mu&#699;jam /</subfield><subfield code="c">li-Abi&#772; Mans&#803;u&#772;r al-Jawa&#772;li&#772;qi&#772; Mawhu&#772;b ibn Ah&#803;mad ibn Muh&#803;ammad ibn al-Khad&#803;ir ; bi-tah&#803;qi&#772;q wa-sharh&#803; Abi&#772; al-Ashba&#772;l Ah&#803;mad Muh&#803;ammad Sha&#772;kir.</subfield></datafield><datafield ind1=" " ind2=" " tag="250"><subfield code="6">880-03</subfield><subfield code="a">al-T&#803;ab&#699;ah 1.</subfield></datafield><datafield ind1=" " ind2=" " tag="260"><subfield code="6">880-04</subfield><subfield code="a">al-Qa&#772;hirah :</subfield><subfield code="b">Da&#772;r al-Kutub al-Mis&#803;ri&#772;yah,</subfield><subfield code="c">1361 [1942]</subfield></datafield><datafield ind1=" " ind2=" " tag="300"><subfield code="a">online resource (40, 455 pages) :</subfield><subfield code="b">facsimiles</subfield></datafield><datafield ind1=" " ind2=" " tag="336"><subfield code="a">text</subfield><subfield code="2">rdacontent</subfield></datafield><datafield ind1=" " ind2=" " tag="337"><subfield code="a">computer</subfield><subfield code="2">rdamedia</subfield></datafield><datafield ind1=" " ind2=" " tag="338"><subfield code="a">online resource</subfield><subfield code="2">rdacarrier</subfield></datafield><datafield ind1=" " ind2=" " tag="500"><subfield code="a">Includes errata pages.</subfield></datafield><datafield ind1=" " ind2=" " tag="500"><subfield code="a">Part of the Arabic Collections Online (ACO) project, contributed by Cornell University Libraries.</subfield></datafield><datafield ind1=" " ind2=" " tag="504"><subfield code="a">Includes bibliographical references and indexes.</subfield></datafield><datafield ind1=" " ind2=" " tag="533"><subfield code="a">Electronic reproduction.</subfield><subfield code="b">New York, N.Y. :</subfield><subfield code="c">New York University,</subfield><subfield code="d">2015.</subfield><subfield code="5">NNU</subfield></datafield><datafield ind1=" " ind2="0" tag="650"><subfield code="a">Arabic language</subfield><subfield code="x">Foreign words and phrases</subfield><subfield code="v">Early works to 1800.</subfield></datafield><datafield ind1=" " ind2="7" tag="650"><subfield code="a">Arabic language</subfield><subfield code="x">Foreign words and phrases.</subfield><subfield code="2">fast</subfield><subfield code="0">(OCoLC)fst00812334</subfield></datafield><datafield ind1=" " ind2="7" tag="655"><subfield code="a">Early works.</subfield><subfield code="2">fast</subfield><subfield code="0">(OCoLC)fst01411636</subfield></datafield><datafield ind1="1" ind2=" " tag="700"><subfield code="6">880-05</subfield><subfield code="a">Sha&#772;kir, Ah&#803;mad Muh&#803;ammad.</subfield></datafield><datafield ind1="2" ind2=" " tag="710"><subfield code="a">Cornell University.</subfield><subfield code="b">Libraries.</subfield></datafield><datafield ind1="0" ind2=" " tag="730"><subfield code="a">Arabic Collections Online.</subfield></datafield><datafield ind1="0" ind2="8" tag="776"><subfield code="i">Print version:</subfield><subfield code="a">Jawa&#772;li&#772;qi&#772;, Mawhu&#772;b ibn Ah&#803;mad, 1073 or 1074-1144.</subfield><subfield code="t">al-Mu&#699;arrab min al-kala&#772;m al-a&#699;jami&#772; &#699;ala&#769; h&#803;uru&#772;f al-mu&#699;jam</subfield><subfield code="w">(NIC)1742291</subfield><subfield code="w">(DLC)ne 68000825 </subfield><subfield code="w">(OCoLC)60505718</subfield></datafield><datafield ind1="4" ind2="0" tag="856"><subfield code="u">http://hdl.handle.net/2333.1/jq2bvsh8</subfield></datafield><datafield ind1="1" ind2=" " tag="880"><subfield code="6">100-01/r</subfield><subfield code="a">&#1580;&#1608;&#1575;&#1604;&#1610;&#1602;&#1609;&#1548; &#1605;&#1608;&#1607;&#1608;&#1576; &#1576;&#1606; &#1571;&#1581;&#1605;&#1583;&#1548;,</subfield><subfield code="d">1144-4 or 1073.</subfield></datafield><datafield ind1="1" ind2="2" tag="880"><subfield code="6">245-02/r</subfield><subfield code="a">&#1575;&#1604;&#1605;&#1593;&#1585;&#1576; &#1605;&#1606; &#1575;&#1604;&#1603;&#1604;&#1575;&#1605; &#1575;&#1604;&#1571;&#1593;&#1580;&#1605;&#1609; &#1593;&#1604;&#1609; &#1581;&#1585;&#1608;&#1601; &#1575;&#1604;&#1605;&#1593;&#1580;&#1605; /</subfield><subfield code="c">&#1604;&#1571;&#1576;&#1609; &#1605;&#1606;&#1589;&#1608;&#1585; &#1575;&#1604;&#1580;&#1608;&#1575;&#1604;&#1610;&#1602;&#1609; &#1605;&#1608;&#1607;&#1608;&#1576; &#1576;&#1606; &#1571;&#1581;&#1605;&#1583; &#1576;&#1606; &#1605;&#1581;&#1605;&#1583; &#1576;&#1606; &#1575;&#1604;&#1582;&#1590;&#1585; &#1563; &#1576;&#1578;&#1581;&#1602;&#1610;&#1602; &#1608;&#1588;&#1585;&#1581; &#1571;&#1576;&#1609; &#1575;&#1604;&#1571;&#1588;&#1576;&#1575;&#1604; &#1571;&#1581;&#1605;&#1583; &#1605;&#1581;&#1605;&#1583; &#1588;&#1575;&#1603;&#1585;.</subfield></datafield><datafield ind1=" " ind2=" " tag="880"><subfield code="6">250-03/r</subfield><subfield code="a">&#1575;&#1604;&#1591;&#1576;&#1593;&#1577; 1.</subfield></datafield><datafield ind1=" " ind2=" " tag="880"><subfield code="6">260-04/r</subfield><subfield code="a">&#1575;&#1604;&#1602;&#1575;&#1607;&#1585;&#1577; :</subfield><subfield code="b">&#1583;&#1575;&#1585; &#1575;&#1604;&#1603;&#1578;&#1576; &#1575;&#1604;&#1605;&#1589;&#1585;&#1610;&#1577;&#1548;</subfield><subfield code="c">[1942] 1361.</subfield></datafield><datafield ind1="1" ind2=" " tag="880"><subfield code="6">700-05/r</subfield><subfield code="a">&#1588;&#1575;&#1603;&#1585;&#1548; &#1571;&#1581;&#1605;&#1583; &#1605;&#1581;&#1605;&#1583;.</subfield></datafield><datafield ind1=" " ind2=" " tag="959"><subfield code="a">NNU</subfield><subfield code="b">WEB</subfield><subfield code="c">GENI</subfield><subfield code="t">0</subfield><subfield code="m">Electronic access</subfield><subfield code="s">01</subfield></datafield><datafield ind1=" " ind2=" " tag="999"><subfield code="i">NIC_1742291</subfield><subfield code="o">(OCoLC)ocm60505718 </subfield></datafield></record>